<record><leader>00000cas a22000007a 4500</leader><controlfield tag="001">12258172</controlfield><controlfield tag="008">850712d1960196ucoumr ne      0    0eng d</controlfield><datafield ind1=" " ind2=" " tag="010"><subfield code="a">sn 91052609 </subfield></datafield><datafield ind1=" " ind2=" " tag="040"><subfield code="a">DPL</subfield><subfield code="b">eng</subfield><subfield code="c">DPL</subfield><subfield code="d">CNQ</subfield><subfield code="d">OCLCQ</subfield><subfield code="d">OCLCF</subfield><subfield code="d">OCLCO</subfield></datafield><datafield ind1=" " ind2=" " tag="042"><subfield code="a">msc</subfield></datafield><datafield ind1=" " ind2=" " tag="043"><subfield code="a">n-us-co</subfield></datafield><datafield ind1="2" ind2=" " tag="110"><subfield code="a">Park Hill Action Committee.</subfield></datafield><datafield ind1="1" ind2="0" tag="245"><subfield code="a">Park Hill actionews.</subfield></datafield><datafield ind1="3" ind2="0" tag="246"><subfield code="a">Park Hill action news</subfield></datafield><datafield ind1=" " ind2=" " tag="260"><subfield code="a">Denver, Colo. :</subfield><subfield code="b">Park Hill Action Committee</subfield></datafield><datafield ind1=" " ind2=" " tag="300"><subfield code="a">v.</subfield></datafield><datafield ind1=" " ind2=" " tag="310"><subfield code="a">Monthly</subfield></datafield><datafield ind1="0" ind2=" " tag="362"><subfield code="a">Vol. 1, no. 1 (Oct. 1960)-</subfield></datafield><datafield ind1=" " ind2="0" tag="651"><subfield code="a">Park Hill (Denver, Colo.)</subfield><subfield code="v">Newspapers.</subfield></datafield><datafield ind1=" " ind2="0" tag="650"><subfield code="a">Citizens' associations</subfield><subfield code="z">Colorado</subfield><subfield code="z">Denver</subfield><subfield code="v">Newspapers.</subfield></datafield><datafield ind1=" " ind2="7" tag="655"><subfield code="a">Newspapers.</subfield><subfield code="2">fast</subfield><subfield code="0">(OCoLC)fst01423814</subfield></datafield><datafield ind1=" " ind2="7" tag="650"><subfield code="a">Citizens' associations.</subfield><subfield code="2">fast</subfield><subfield code="0">(OCoLC)fst00861906</subfield></datafield><datafield ind1=" " ind2="7" tag="651"><subfield code="a">Colorado</subfield><subfield code="z">Denver.</subfield><subfield code="2">fast</subfield><subfield code="0">(OCoLC)fst01205192</subfield></datafield><datafield ind1=" " ind2="7" tag="651"><subfield code="a">Colorado</subfield><subfield code="z">Denver</subfield><subfield code="z">Park Hill.</subfield><subfield code="2">fast</subfield><subfield code="0">(OCoLC)fst01329704</subfield></datafield><datafield ind1=" " ind2=" " tag="752"><subfield code="a">United States</subfield><subfield code="b">Colorado</subfield><subfield code="c">Denver</subfield><subfield code="d">Denver.</subfield></datafield><datafield ind1="0" ind2="0" tag="785"><subfield code="t">Actionews (Denver, Colo.)</subfield><subfield code="w">(DLC)sn 91052610</subfield></datafield></record>